@inproceedings{1995_king_graphs,
  title={Structuring depth-first search algorithms in Haskell},
  author={King, David J and Launchbury, John},
  booktitle={Proceedings of the 22nd ACM SIGPLAN-SIGACT symposium on Principles of programming languages},
  pages={344--354},
  year={1995},
  organization={ACM}
}

@article{2001_erwig_inductive,
  title={Inductive graphs and functional graph algorithms},
  author={Erwig, Martin},
  journal={Journal of Functional Programming},
  volume={11},
  number={05},
  pages={467--492},
  year={2001},
  publisher={Cambridge Univ Press}
}

@book{1999_maclane_algebra,
  title={Algebra},
  author={{Mac~Lane}, Saunders and Birkhoff, Garrett},
  isbn={9780821816462},
  year={1999},
  publisher={Chelsea Publishing Company}
}

@article{2014_algebra_mokhov,
  title={Algebra of Parameterised Graphs},
  author={Mokhov, Andrey and Khomenko, Victor},
  journal={ACM Transactions on Embedded Computing Systems},
  volume={13},
  number={4s},
  pages={1--22},
  year={2014},
  publisher={ACM}
}

@book{1969_graph_theory_harary,
    AUTHOR = {Harary, Frank},
     TITLE = {Graph theory},
 PUBLISHER = {Addison-Wesley},
      YEAR = {1969}
}

@inproceedings{2005_associated_type_chakravarty,
  title={Associated type synonyms},
  author={Chakravarty, Manuel and Keller, Gabriele and Jones, Simon Peyton},
  booktitle={ACM SIGPLAN Notices},
  volume={40},
  number={9},
  pages={241--253},
  year={2005},
  organization={ACM}
}

@article{2011_quickcheck_claessen,
  title={QuickCheck: a lightweight tool for random testing of Haskell programs},
  author={Claessen, Koen and Hughes, John},
  journal={Acm sigplan notices},
  volume={46},
  number={4},
  pages={53--64},
  year={2011},
  publisher={ACM}
}

@inproceedings{2013_semirings_dolan,
  title={Fun with semirings: a functional pearl on the abuse of linear algebra},
  author={Dolan, Stephen},
  booktitle={ACM SIGPLAN Notices},
  volume={48},
  number={9},
  pages={101--110},
  year={2013},
  organization={ACM}
}

@book{1999_semirings_golan,
  title={Semirings and their Applications},
  author={Golan, Jonathan S},
  year={1999},
  publisher={Springer Science \& Business Media}
}

@phdthesis{2014_alekseyev_phd,
  title={Compositional approach to design of digital circuits},
  author={Alekseyev, Arseniy},
  year={2014},
  school={Newcastle University}
}

@phdthesis{2007_norell_agda,
  title={Towards a practical programming language based on dependent type theory},
  author={Norell, Ulf},
  year={2007},
  school={Chalmers University of Technology}
}

@inproceedings{2014_gibbons_folding,
  title={Folding domain-specific languages: Deep and shallow embeddings (functional pearl)},
  author={Gibbons, Jeremy and Wu, Nicolas},
  booktitle={ACM SIGPLAN Notices},
  volume={49},
  number={9},
  pages={339--347},
  year={2014},
  organization={ACM}
}

@article{2015_mokhov_algebra,
  title={Algebra of switching networks},
  author={Mokhov, Andrey},
  journal={IET Computers \& Digital Techniques},
  year={2015},
  publisher={IET Digital Library}
}

@article{1984_set_union_tarjan,
  title={Worst-case analysis of set union algorithms},
  author={Tarjan, Robert E and Van Leeuwen, Jan},
  journal={Journal of the ACM (JACM)},
  volume={31},
  number={2},
  pages={245--281},
  year={1984},
  publisher={ACM}
}

@inproceedings{1994_launchbury_st,
  title={Lazy functional state threads},
  author={Launchbury, John and Peyton Jones, Simon L},
  booktitle={ACM SIGPLAN Notices},
  volume={29},
  number={6},
  pages={24--35},
  year={1994},
  organization={ACM}
}

@inproceedings{1995_gibbons_algebra,
  title={An initial-algebra approach to directed acyclic graphs},
  author={Gibbons, Jeremy},
  booktitle={International Conference on Mathematics of Program Construction},
  pages={282--303},
  year={1995},
  organization={Springer}
}

@incollection{2010_selinger_survey,
  title={A survey of graphical languages for monoidal categories},
  author={Selinger, Peter},
  booktitle={New structures for physics},
  pages={289--355},
  year={2010},
  publisher={Springer}
}

@inproceedings{2015_bonchi_sfg,
  title={Full abstraction for signal flow graphs},
  author={Bonchi, Filippo and Sobocinski, Pawel and Zanasi, Fabio},
  booktitle={ACM SIGPLAN Notices},
  volume={50},
  number={1},
  pages={515--526},
  year={2015},
  organization={ACM}
}

@article{1989_murata_pn,
  title={Petri nets: Properties, analysis and applications},
  author={Murata, Tadao},
  journal={Proceedings of the IEEE},
  volume={77},
  number={4},
  pages={541--580},
  year={1989},
  publisher={IEEE}
}

@inproceedings{1979_valdes_sp,
  title={The recognition of series parallel digraphs},
  author={Valdes, Jacobo and Tarjan, Robert E and Lawler, Eugene L},
  booktitle={Proceedings of the eleventh annual ACM symposium on Theory of computing},
  pages={1--12},
  year={1979},
  organization={ACM}
}

@article{1981_corneil_cographs,
  title={Complement reducible graphs},
  author={Corneil, Derek G and Lerchs, H and Burlingham, L Stewart},
  journal={Discrete Applied Mathematics},
  volume={3},
  number={3},
  pages={163--174},
  year={1981},
  publisher={Elsevier}
}

@inproceedings{2015_beaumont_concepts,
  title={Compositional design of asynchronous circuits from behavioural concepts},
  author={Beaumont, Jonathan and Mokhov, Andrey and Sokolov, Danil and Yakovlev, Alex},
  booktitle={ACM/IEEE International Conference on Formal Methods and Models for Codesign (MEMOCODE)},
  pages={118--127},
  year={2015},
  organization={IEEE}
}

@article{2005_mcconnell_modular,
  title={Linear-time modular decomposition of directed graphs},
  author={McConnell, Ross M and De Montgolfier, Fabien},
  journal={Discrete Applied Mathematics},
  volume={145},
  number={2},
  pages={198--209},
  year={2005},
  publisher={Elsevier}
}

@article{2012_henglein_discriminations,
  title={Generic top-down discrimination for sorting and partitioning in linear time},
  author={Henglein, Fritz},
  journal={Journal of Functional Programming},
  volume={22},
  number={03},
  pages={300--374},
  year={2012},
  publisher={Cambridge Univ Press}
}
